@book{matsumura1970commutative,
  title={Commutative Algebra},
  author={Matsumura, Hideyuki},
  isbn={9780805370249},
  lccn={68059193},
  series={Mathematics lecture note series},
  url={http://books.google.de/books?id=fXuSQQAACAAJ},
  year={1970},
  publisher={Benjamin}
}

@book{hartshorne1977algebraic,
  title={Algebraic Geometry},
  author={Hartshorne, Robin},
  isbn={9780387902449},
  lccn={lc77001177},
  series={Graduate Texts in Mathematics},
  url={http://books.google.de/books?id=3rtX9t-nnvwC},
  year={1977},
  publisher={Springer}
}

@book{grothendieck1971elements,
  title={El{\'e}ments de G{\'e}om{\'e}trie Alg{\'e}brique: Vol.: 1},
  author={Grothendieck, Alexandre and Dieudonn{\'e}, Jean},
  series={Die Grundlehren der mathematischen Wissenschaften},
  url={http://books.google.de/books?id=8VtLQwAACAAJ},
  year={1971},
  publisher={Springer-Verlag}
}

@book{goertz2010algebraic,
  title={Algebraic Geometry: Part I: Schemes. With Examples and Exercises},
  author={G{\"o}rtz, Ulrich and Wedhorn, Torsten},
  isbn={9783834897220},
  series={Advanced Lectures in Mathematics},
  url={http://books.google.de/books?id=XEiLudn6sq4C},
  year={2010},
  publisher={Vieweg+Teubner Verlag}
}
